{
  "symbol": "BTC",
  "root_hash": "cf03a029224526d467b79df59264f3ce53e7cf09e4e3ef120e7722122d9090ac",
  "active_orders": 1428,
  "buy_levels_count": 873,
  "sell_levels_count": 749,
  "best_bid": 65098.57,
  "best_ask": 64925.44,
  "spread": 184467440737095360,
  "stats": {
    "total_operations": 6965,
    "total_orders": 3575,
    "total_matches": 2372,
    "total_cancels": 1215,
    "total_modifies": 1096,
    "total_market_orders": 1439,
    "hash_count": 1
  },
  "recent_trades": [
    {
      "trade_id": 834,
      "taker_order_id": 2722,
      "maker_order_id": 2717,
      "taker_trader_id": 476,
      "maker_trader_id": 766,
      "price": 64913.8,
      "size": 15.99,
      "taker_side": "BUY",
      "maker_side": "SELL",
      "taker_partial": false,
      "maker_partial": true,
      "timestamp": 1765107427303191078
    },
    {
      "trade_id": 835,
      "taker_order_id": 2724,
      "maker_order_id": 2717,
      "taker_trader_id": 712,
      "maker_trader_id": 766,
      "price": 64913.8,
      "size": 2.1,
      "taker_side": "BUY",
      "maker_side": "SELL",
      "taker_partial": true,
      "maker_partial": false,
      "timestamp": 1765107427303239588
    },
    {
      "trade_id": 836,
      "taker_order_id": 2741,
      "maker_order_id": 2738,
      "taker_trader_id": 654,
      "maker_trader_id": 406,
      "price": 64920.19,
      "size": 13.59,
      "taker_side": "BUY",
      "maker_side": "SELL",
      "taker_partial": true,
      "maker_partial": false,
      "timestamp": 1765107427303690510
    },
    {
      "trade_id": 837,
      "taker_order_id": 2764,
      "maker_order_id": 2762,
      "taker_trader_id": 450,
      "maker_trader_id": 832,
      "price": 64922.18,
      "size": 14.77,
      "taker_side": "BUY",
      "maker_side": "SELL",
      "taker_partial": true,
      "maker_partial": false,
      "timestamp": 1765107427304234328
    },
    {
      "trade_id": 838,
      "taker_order_id": 2768,
      "maker_order_id": 2767,
      "taker_trader_id": 536,
      "maker_trader_id": 71,
      "price": 64915.12,
      "size": 26.36,
      "taker_side": "BUY",
      "maker_side": "SELL",
      "taker_partial": false,
      "maker_partial": true,
      "timestamp": 1765107427304250868
    },
    {
      "trade_id": 839,
      "taker_order_id": 2769,
      "maker_order_id": 2767,
      "taker_trader_id": 578,
      "maker_trader_id": 71,
      "price": 64915.12,
      "size": 30.73,
      "taker_side": "BUY",
      "maker_side": "SELL",
      "taker_partial": false,
      "maker_partial": true,
      "timestamp": 1765107427304299158
    },
    {
      "trade_id": 840,
      "taker_order_id": 1932,
      "maker_order_id": 2767,
      "taker_trader_id": 660,
      "maker_trader_id": 71,
      "price": 64915.12,
      "size": 15.84,
      "taker_side": "BUY",
      "maker_side": "SELL",
      "taker_partial": false,
      "maker_partial": true,
      "timestamp": 1765107427304299739
    },
    {
      "trade_id": 841,
      "taker_order_id": 2771,
      "maker_order_id": 2767,
      "taker_trader_id": 303,
      "maker_trader_id": 71,
      "price": 64915.12,
      "size": 4.88,
      "taker_side": "BUY",
      "maker_side": "SELL",
      "taker_partial": true,
      "maker_partial": false,
      "timestamp": 1765107427304303713
    },
    {
      "trade_id": 842,
      "taker_order_id": 2814,
      "maker_order_id": 2811,
      "taker_trader_id": 202,
      "maker_trader_id": 274,
      "price": 64901.21,
      "size": 15.75,
      "taker_side": "BUY",
      "maker_side": "SELL",
      "taker_partial": false,
      "maker_partial": true,
      "timestamp": 1765107427305121996
    },
    {
      "trade_id": 843,
      "taker_order_id": 1564,
      "maker_order_id": 2811,
      "taker_trader_id": 142,
      "maker_trader_id": 274,
      "price": 64901.21,
      "size": 11.21,
      "taker_side": "BUY",
      "maker_side": "SELL",
      "taker_partial": true,
      "maker_partial": false,
      "timestamp": 1765107427305122519
    },
    {
      "trade_id": 844,
      "taker_order_id": 2841,
      "maker_order_id": 2601,
      "taker_trader_id": 58,
      "maker_trader_id": 143,
      "price": 64919.03,
      "size": 58.42,
      "taker_side": "BUY",
      "maker_side": "SELL",
      "taker_partial": true,
      "maker_partial": false,
      "timestamp": 1765107427305869081
    },
    {
      "trade_id": 845,
      "taker_order_id": 2878,
      "maker_order_id": 2875,
      "taker_trader_id": 531,
      "maker_trader_id": 587,
      "price": 64903.14,
      "size": 6.4,
      "taker_side": "BUY",
      "maker_side": "SELL",
      "taker_partial": false,
      "maker_partial": true,
      "timestamp": 1765107427306630917
    },
    {
      "trade_id": 846,
      "taker_order_id": 2879,
      "maker_order_id": 2875,
      "taker_trader_id": 314,
      "maker_trader_id": 587,
      "price": 64903.14,
      "size": 59.89,
      "taker_side": "BUY",
      "maker_side": "SELL",
      "taker_partial": false,
      "maker_partial": true,
      "timestamp": 1765107427306631469
    },
    {
      "trade_id": 847,
      "taker_order_id": 2880,
      "maker_order_id": 2875,
      "taker_trader_id": 656,
      "maker_trader_id": 587,
      "price": 64903.14,
      "size": 31.14,
      "taker_side": "BUY",
      "maker_side": "SELL",
      "taker_partial": true,
      "maker_partial": false,
      "timestamp": 1765107427306631777
    },
    {
      "trade_id": 848,
      "taker_order_id": 2887,
      "maker_order_id": 2886,
      "taker_trader_id": 763,
      "maker_trader_id": 638,
      "price": 64909.55,
      "size": 17.73,
      "taker_side": "BUY",
      "maker_side": "SELL",
      "taker_partial": true,
      "maker_partial": false,
      "timestamp": 1765107427306692048
    },
    {
      "trade_id": 849,
      "taker_order_id": 2890,
      "maker_order_id": 2888,
      "taker_trader_id": 378,
      "maker_trader_id": 609,
      "price": 64909.59,
      "size": 18.83,
      "taker_side": "BUY",
      "maker_side": "SELL",
      "taker_partial": true,
      "maker_partial": false,
      "timestamp": 1765107427306789541
    },
    {
      "trade_id": 850,
      "taker_order_id": 2914,
      "maker_order_id": 1259,
      "taker_trader_id": 672,
      "maker_trader_id": 633,
      "price": 64900.01,
      "size": 41.23,
      "taker_side": "BUY",
      "maker_side": "SELL",
      "taker_partial": true,
      "maker_partial": false,
      "timestamp": 1765107427306955074
    },
    {
      "trade_id": 851,
      "taker_order_id": 2915,
      "maker_order_id": 2913,
      "taker_trader_id": 244,
      "maker_trader_id": 251,
      "price": 64912.58,
      "size": 17.08,
      "taker_side": "BUY",
      "maker_side": "SELL",
      "taker_partial": true,
      "maker_partial": false,
      "timestamp": 1765107427306965123
    },
    {
      "trade_id": 852,
      "taker_order_id": 2950,
      "maker_order_id": 2648,
      "taker_trader_id": 977,
      "maker_trader_id": 572,
      "price": 64921.79,
      "size": 31.79,
      "taker_side": "BUY",
      "maker_side": "SELL",
      "taker_partial": true,
      "maker_partial": false,
      "timestamp": 1765107427307774165
    },
    {
      "trade_id": 853,
      "taker_order_id": 2983,
      "maker_order_id": 2980,
      "taker_trader_id": 208,
      "maker_trader_id": 98,
      "price": 64911.89,
      "size": 25.12,
      "taker_side": "BUY",
      "maker_side": "SELL",
      "taker_partial": true,
      "maker_partial": false,
      "timestamp": 1765107427308727532
    },
    {
      "trade_id": 854,
      "taker_order_id": 3005,
      "maker_order_id": 3004,
      "taker_trader_id": 282,
      "maker_trader_id": 211,
      "price": 64900,
      "size": 37.24,
      "taker_side": "BUY",
      "maker_side": "SELL",
      "taker_partial": false,
      "maker_partial": true,
      "timestamp": 1765107427309098317
    },
    {
      "trade_id": 855,
      "taker_order_id": 3007,
      "maker_order_id": 3004,
      "taker_trader_id": 790,
      "maker_trader_id": 211,
      "price": 64900,
      "size": 3.49,
      "taker_side": "BUY",
      "maker_side": "SELL",
      "taker_partial": true,
      "maker_partial": false,
      "timestamp": 1765107427309099951
    },
    {
      "trade_id": 856,
      "taker_order_id": 3021,
      "maker_order_id": 3019,
      "taker_trader_id": 520,
      "maker_trader_id": 611,
      "price": 64911.14,
      "size": 20.57,
      "taker_side": "BUY",
      "maker_side": "SELL",
      "taker_partial": false,
      "maker_partial": true,
      "timestamp": 1765107427309361294
    },
    {
      "trade_id": 857,
      "taker_order_id": 3022,
      "maker_order_id": 3019,
      "taker_trader_id": 189,
      "maker_trader_id": 611,
      "price": 64911.14,
      "size": 21.68,
      "taker_side": "BUY",
      "maker_side": "SELL",
      "taker_partial": true,
      "maker_partial": false,
      "timestamp": 1765107427309361933
    },
    {
      "trade_id": 858,
      "taker_order_id": 3027,
      "maker_order_id": 3026,
      "taker_trader_id": 537,
      "maker_trader_id": 527,
      "price": 64913.13,
      "size": 65.79,
      "taker_side": "BUY",
      "maker_side": "SELL",
      "taker_partial": false,
      "maker_partial": true,
      "timestamp": 1765107427309385346
    },
    {
      "trade_id": 859,
      "taker_order_id": 3029,
      "maker_order_id": 3026,
      "taker_trader_id": 61,
      "maker_trader_id": 527,
      "price": 64913.13,
      "size": 13.97,
      "taker_side": "BUY",
      "maker_side": "SELL",
      "taker_partial": true,
      "maker_partial": false,
      "timestamp": 1765107427309386739
    },
    {
      "trade_id": 860,
      "taker_order_id": 3037,
      "maker_order_id": 3036,
      "taker_trader_id": 728,
      "maker_trader_id": 953,
      "price": 64912.45,
      "size": 4.1,
      "taker_side": "BUY",
      "maker_side": "SELL",
      "taker_partial": false,
      "maker_partial": true,
      "timestamp": 1765107427309458516
    },
    {
      "trade_id": 861,
      "taker_order_id": 3038,
      "maker_order_id": 3036,
      "taker_trader_id": 583,
      "maker_trader_id": 953,
      "price": 64912.45,
      "size": 52.18,
      "taker_side": "BUY",
      "maker_side": "SELL",
      "taker_partial": false,
      "maker_partial": true,
      "timestamp": 1765107427309458870
    },
    {
      "trade_id": 862,
      "taker_order_id": 3039,
      "maker_order_id": 3036,
      "taker_trader_id": 789,
      "maker_trader_id": 953,
      "price": 64912.45,
      "size": 20.91,
      "taker_side": "BUY",
      "maker_side": "SELL",
      "taker_partial": true,
      "maker_partial": false,
      "timestamp": 1765107427309459265
    },
    {
      "trade_id": 863,
      "taker_order_id": 3043,
      "maker_order_id": 1759,
      "taker_trader_id": 162,
      "maker_trader_id": 592,
      "price": 64921.78,
      "size": 2.18,
      "taker_side": "BUY",
      "maker_side": "SELL",
      "taker_partial": true,
      "maker_partial": false,
      "timestamp": 1765107427309529921
    },
    {
      "trade_id": 864,
      "taker_order_id": 3049,
      "maker_order_id": 3048,
      "taker_trader_id": 448,
      "maker_trader_id": 211,
      "price": 64917.31,
      "size": 66.01,
      "taker_side": "BUY",
      "maker_side": "SELL",
      "taker_partial": true,
      "maker_partial": false,
      "timestamp": 1765107427309547186
    },
    {
      "trade_id": 865,
      "taker_order_id": 1980,
      "maker_order_id": 3053,
      "taker_trader_id": 953,
      "maker_trader_id": 110,
      "price": 64916.85,
      "size": 35.86,
      "taker_side": "BUY",
      "maker_side": "SELL",
      "taker_partial": true,
      "maker_partial": false,
      "timestamp": 1765107427309705811
    },
    {
      "trade_id": 866,
      "taker_order_id": 3065,
      "maker_order_id": 2836,
      "taker_trader_id": 912,
      "maker_trader_id": 395,
      "price": 64912.56,
      "size": 11.93,
      "taker_side": "BUY",
      "maker_side": "SELL",
      "taker_partial": true,
      "maker_partial": false,
      "timestamp": 1765107427310009755
    },
    {
      "trade_id": 867,
      "taker_order_id": 3073,
      "maker_order_id": 1967,
      "taker_trader_id": 450,
      "maker_trader_id": 341,
      "price": 64922.68,
      "size": 10.6,
      "taker_side": "BUY",
      "maker_side": "SELL",
      "taker_partial": true,
      "maker_partial": false,
      "timestamp": 1765107427310135963
    },
    {
      "trade_id": 868,
      "taker_order_id": 3087,
      "maker_order_id": 3086,
      "taker_trader_id": 299,
      "maker_trader_id": 156,
      "price": 64915.61,
      "size": 19.47,
      "taker_side": "BUY",
      "maker_side": "SELL",
      "taker_partial": true,
      "maker_partial": false,
      "timestamp": 1765107427310609487
    },
    {
      "trade_id": 869,
      "taker_order_id": 1507,
      "maker_order_id": 3118,
      "taker_trader_id": 317,
      "maker_trader_id": 412,
      "price": 64902.48,
      "size": 1.49,
      "taker_side": "BUY",
      "maker_side": "SELL",
      "taker_partial": true,
      "maker_partial": false,
      "timestamp": 1765107427310992773
    },
    {
      "trade_id": 870,
      "taker_order_id": 3124,
      "maker_order_id": 3123,
      "taker_trader_id": 436,
      "maker_trader_id": 287,
      "price": 64904.79,
      "size": 13.8,
      "taker_side": "BUY",
      "maker_side": "SELL",
      "taker_partial": false,
      "maker_partial": true,
      "timestamp": 1765107427311113293
    },
    {
      "trade_id": 871,
      "taker_order_id": 3126,
      "maker_order_id": 3123,
      "taker_trader_id": 236,
      "maker_trader_id": 287,
      "price": 64904.79,
      "size": 18.48,
      "taker_side": "BUY",
      "maker_side": "SELL",
      "taker_partial": true,
      "maker_partial": false,
      "timestamp": 1765107427311114103
    },
    {
      "trade_id": 872,
      "taker_order_id": 3128,
      "maker_order_id": 3127,
      "taker_trader_id": 985,
      "maker_trader_id": 668,
      "price": 65099.63,
      "size": 61.2,
      "taker_side": "SELL",
      "maker_side": "BUY",
      "taker_partial": true,
      "maker_partial": false,
      "timestamp": 1765107427311168013
    },
    {
      "trade_id": 873,
      "taker_order_id": 3141,
      "maker_order_id": 3139,
      "taker_trader_id": 499,
      "maker_trader_id": 11,
      "price": 64921.67,
      "size": 6.78,
      "taker_side": "BUY",
      "maker_side": "SELL",
      "taker_partial": true,
      "maker_partial": false,
      "timestamp": 1765107427311320223
    },
    {
      "trade_id": 874,
      "taker_order_id": 3164,
      "maker_order_id": 2873,
      "taker_trader_id": 987,
      "maker_trader_id": 780,
      "price": 64918.02,
      "size": 28.63,
      "taker_side": "BUY",
      "maker_side": "SELL",
      "taker_partial": false,
      "maker_partial": true,
      "timestamp": 1765107427311929465
    },
    {
      "trade_id": 875,
      "taker_order_id": 3167,
      "maker_order_id": 2873,
      "taker_trader_id": 752,
      "maker_trader_id": 780,
      "price": 64918.02,
      "size": 53.87,
      "taker_side": "BUY",
      "maker_side": "SELL",
      "taker_partial": false,
      "maker_partial": true,
      "timestamp": 1765107427311933684
    },
    {
      "trade_id": 876,
      "taker_order_id": 3168,
      "maker_order_id": 2086,
      "taker_trader_id": 612,
      "maker_trader_id": 891,
      "price": 64916.22,
      "size": 44.36,
      "taker_side": "BUY",
      "maker_side": "SELL",
      "taker_partial": true,
      "maker_partial": false,
      "timestamp": 1765107427312023854
    },
    {
      "trade_id": 877,
      "taker_order_id": 3170,
      "maker_order_id": 2873,
      "taker_trader_id": 82,
      "maker_trader_id": 780,
      "price": 64918.02,
      "size": 3.04,
      "taker_side": "BUY",
      "maker_side": "SELL",
      "taker_partial": true,
      "maker_partial": false,
      "timestamp": 1765107427312087712
    },
    {
      "trade_id": 878,
      "taker_order_id": 3186,
      "maker_order_id": 3182,
      "taker_trader_id": 391,
      "maker_trader_id": 865,
      "price": 64907.79,
      "size": 41.65,
      "taker_side": "BUY",
      "maker_side": "SELL",
      "taker_partial": false,
      "maker_partial": true,
      "timestamp": 1765107427312729393
    },
    {
      "trade_id": 879,
      "taker_order_id": 3187,
      "maker_order_id": 3182,
      "taker_trader_id": 307,
      "maker_trader_id": 865,
      "price": 64907.79,
      "size": 58.19,
      "taker_side": "BUY",
      "maker_side": "SELL",
      "taker_partial": true,
      "maker_partial": false,
      "timestamp": 1765107427312880452
    },
    {
      "trade_id": 880,
      "taker_order_id": 3190,
      "maker_order_id": 3185,
      "taker_trader_id": 808,
      "maker_trader_id": 360,
      "price": 64911.13,
      "size": 38.38,
      "taker_side": "BUY",
      "maker_side": "SELL",
      "taker_partial": false,
      "maker_partial": true,
      "timestamp": 1765107427313010532
    },
    {
      "trade_id": 881,
      "taker_order_id": 2275,
      "maker_order_id": 3185,
      "taker_trader_id": 111,
      "maker_trader_id": 360,
      "price": 64911.13,
      "size": 24.96,
      "taker_side": "BUY",
      "maker_side": "SELL",
      "taker_partial": false,
      "maker_partial": true,
      "timestamp": 1765107427313021982
    },
    {
      "trade_id": 882,
      "taker_order_id": 1798,
      "maker_order_id": 3185,
      "taker_trader_id": 363,
      "maker_trader_id": 360,
      "price": 64911.13,
      "size": 25.65,
      "taker_side": "BUY",
      "maker_side": "SELL",
      "taker_partial": true,
      "maker_partial": false,
      "timestamp": 1765107427313022857
    },
    {
      "trade_id": 883,
      "taker_order_id": 2402,
      "maker_order_id": 3212,
      "taker_trader_id": 159,
      "maker_trader_id": 369,
      "price": 64909.22,
      "size": 9.15,
      "taker_side": "BUY",
      "maker_side": "SELL",
      "taker_partial": true,
      "maker_partial": false,
      "timestamp": 1765107427313801728
    },
    {
      "trade_id": 884,
      "taker_order_id": 3236,
      "maker_order_id": 3233,
      "taker_trader_id": 331,
      "maker_trader_id": 511,
      "price": 64904.2,
      "size": 30.79,
      "taker_side": "BUY",
      "maker_side": "SELL",
      "taker_partial": true,
      "maker_partial": false,
      "timestamp": 1765107427314432189
    },
    {
      "trade_id": 885,
      "taker_order_id": 3237,
      "maker_order_id": 3234,
      "taker_trader_id": 295,
      "maker_trader_id": 967,
      "price": 64922.13,
      "size": 83.22,
      "taker_side": "BUY",
      "maker_side": "SELL",
      "taker_partial": true,
      "maker_partial": false,
      "timestamp": 1765107427314495497
    },
    {
      "trade_id": 886,
      "taker_order_id": 3245,
      "maker_order_id": 2633,
      "taker_trader_id": 936,
      "maker_trader_id": 289,
      "price": 64914.38,
      "size": 76.49,
      "taker_side": "BUY",
      "maker_side": "SELL",
      "taker_partial": false,
      "maker_partial": true,
      "timestamp": 1765107427314686946
    },
    {
      "trade_id": 887,
      "taker_order_id": 1970,
      "maker_order_id": 2633,
      "taker_trader_id": 996,
      "maker_trader_id": 289,
      "price": 64914.38,
      "size": 12.94,
      "taker_side": "BUY",
      "maker_side": "SELL",
      "taker_partial": true,
      "maker_partial": false,
      "timestamp": 1765107427314746522
    },
    {
      "trade_id": 888,
      "taker_order_id": 3255,
      "maker_order_id": 3254,
      "taker_trader_id": 150,
      "maker_trader_id": 434,
      "price": 64920.45,
      "size": 68.62,
      "taker_side": "BUY",
      "maker_side": "SELL",
      "taker_partial": false,
      "maker_partial": true,
      "timestamp": 1765107427314999151
    },
    {
      "trade_id": 889,
      "taker_order_id": 3256,
      "maker_order_id": 3254,
      "taker_trader_id": 490,
      "maker_trader_id": 434,
      "price": 64920.45,
      "size": 21.83,
      "taker_side": "BUY",
      "maker_side": "SELL",
      "taker_partial": true,
      "maker_partial": false,
      "timestamp": 1765107427315001216
    },
    {
      "trade_id": 890,
      "taker_order_id": 3290,
      "maker_order_id": 3288,
      "taker_trader_id": 900,
      "maker_trader_id": 170,
      "price": 64924.32,
      "size": 83.06,
      "taker_side": "BUY",
      "maker_side": "SELL",
      "taker_partial": true,
      "maker_partial": false,
      "timestamp": 1765107427315974719
    },
    {
      "trade_id": 891,
      "taker_order_id": 3299,
      "maker_order_id": 3298,
      "taker_trader_id": 236,
      "maker_trader_id": 8,
      "price": 64905.91,
      "size": 52.99,
      "taker_side": "BUY",
      "maker_side": "SELL",
      "taker_partial": true,
      "maker_partial": false,
      "timestamp": 1765107427316147852
    },
    {
      "trade_id": 892,
      "taker_order_id": 3317,
      "maker_order_id": 1618,
      "taker_trader_id": 651,
      "maker_trader_id": 419,
      "price": 64906.51,
      "size": 80.06,
      "taker_side": "BUY",
      "maker_side": "SELL",
      "taker_partial": false,
      "maker_partial": true,
      "timestamp": 1765107427316684478
    },
    {
      "trade_id": 893,
      "taker_order_id": 2926,
      "maker_order_id": 1618,
      "taker_trader_id": 951,
      "maker_trader_id": 419,
      "price": 64906.51,
      "size": 20.57,
      "taker_side": "BUY",
      "maker_side": "SELL",
      "taker_partial": true,
      "maker_partial": false,
      "timestamp": 1765107427316732467
    },
    {
      "trade_id": 894,
      "taker_order_id": 3320,
      "maker_order_id": 3316,
      "taker_trader_id": 739,
      "maker_trader_id": 518,
      "price": 64910.47,
      "size": 35.28,
      "taker_side": "BUY",
      "maker_side": "SELL",
      "taker_partial": false,
      "maker_partial": true,
      "timestamp": 1765107427316744289
    },
    {
      "trade_id": 895,
      "taker_order_id": 3321,
      "maker_order_id": 3316,
      "taker_trader_id": 394,
      "maker_trader_id": 518,
      "price": 64910.47,
      "size": 39.33,
      "taker_side": "BUY",
      "maker_side": "SELL",
      "taker_partial": true,
      "maker_partial": false,
      "timestamp": 1765107427316745026
    },
    {
      "trade_id": 896,
      "taker_order_id": 2439,
      "maker_order_id": 3318,
      "taker_trader_id": 607,
      "maker_trader_id": 704,
      "price": 64913.01,
      "size": 29.64,
      "taker_side": "BUY",
      "maker_side": "SELL",
      "taker_partial": true,
      "maker_partial": false,
      "timestamp": 1765107427316758228
    },
    {
      "trade_id": 897,
      "taker_order_id": 3312,
      "maker_order_id": 2345,
      "taker_trader_id": 738,
      "maker_trader_id": 902,
      "price": 64920.04,
      "size": 40.04,
      "taker_side": "BUY",
      "maker_side": "SELL",
      "taker_partial": true,
      "maker_partial": false,
      "timestamp": 1765107427316827706
    },
    {
      "trade_id": 898,
      "taker_order_id": 3334,
      "maker_order_id": 2088,
      "taker_trader_id": 10,
      "maker_trader_id": 607,
      "price": 64901.97,
      "size": 21.15,
      "taker_side": "BUY",
      "maker_side": "SELL",
      "taker_partial": true,
      "maker_partial": false,
      "timestamp": 1765107427317029640
    },
    {
      "trade_id": 899,
      "taker_order_id": 3348,
      "maker_order_id": 3347,
      "taker_trader_id": 389,
      "maker_trader_id": 571,
      "price": 64903.46,
      "size": 69.66,
      "taker_side": "BUY",
      "maker_side": "SELL",
      "taker_partial": false,
      "maker_partial": true,
      "timestamp": 1765107427317202016
    },
    {
      "trade_id": 900,
      "taker_order_id": 3349,
      "maker_order_id": 3347,
      "taker_trader_id": 60,
      "maker_trader_id": 571,
      "price": 64903.46,
      "size": 5.66,
      "taker_side": "BUY",
      "maker_side": "SELL",
      "taker_partial": true,
      "maker_partial": false,
      "timestamp": 1765107427317202539
    },
    {
      "trade_id": 901,
      "taker_order_id": 3352,
      "maker_order_id": 1935,
      "taker_trader_id": 444,
      "maker_trader_id": 871,
      "price": 64914.29,
      "size": 31.13,
      "taker_side": "BUY",
      "maker_side": "SELL",
      "taker_partial": true,
      "maker_partial": false,
      "timestamp": 1765107427317224594
    },
    {
      "trade_id": 902,
      "taker_order_id": 2817,
      "maker_order_id": 2599,
      "taker_trader_id": 366,
      "maker_trader_id": 772,
      "price": 64904.83,
      "size": 5.07,
      "taker_side": "BUY",
      "maker_side": "SELL",
      "taker_partial": true,
      "maker_partial": false,
      "timestamp": 1765107427317691998
    },
    {
      "trade_id": 903,
      "taker_order_id": 3384,
      "maker_order_id": 3381,
      "taker_trader_id": 378,
      "maker_trader_id": 588,
      "price": 64903.63,
      "size": 38.43,
      "taker_side": "BUY",
      "maker_side": "SELL",
      "taker_partial": true,
      "maker_partial": false,
      "timestamp": 1765107427317867111
    },
    {
      "trade_id": 904,
      "taker_order_id": 1635,
      "maker_order_id": 3385,
      "taker_trader_id": 193,
      "maker_trader_id": 483,
      "price": 64901.87,
      "size": 31.65,
      "taker_side": "BUY",
      "maker_side": "SELL",
      "taker_partial": true,
      "maker_partial": false,
      "timestamp": 1765107427317979964
    },
    {
      "trade_id": 905,
      "taker_order_id": 3387,
      "maker_order_id": 3386,
      "taker_trader_id": 485,
      "maker_trader_id": 783,
      "price": 64907.17,
      "size": 84.02,
      "taker_side": "BUY",
      "maker_side": "SELL",
      "taker_partial": true,
      "maker_partial": false,
      "timestamp": 1765107427317991021
    },
    {
      "trade_id": 906,
      "taker_order_id": 3394,
      "maker_order_id": 3393,
      "taker_trader_id": 126,
      "maker_trader_id": 241,
      "price": 65099.8,
      "size": 39.94,
      "taker_side": "SELL",
      "maker_side": "BUY",
      "taker_partial": true,
      "maker_partial": false,
      "timestamp": 1765107427318154213
    },
    {
      "trade_id": 907,
      "taker_order_id": 2278,
      "maker_order_id": 3396,
      "taker_trader_id": 807,
      "maker_trader_id": 765,
      "price": 64924.53,
      "size": 87.02,
      "taker_side": "BUY",
      "maker_side": "SELL",
      "taker_partial": false,
      "maker_partial": true,
      "timestamp": 1765107427318374037
    },
    {
      "trade_id": 908,
      "taker_order_id": 3401,
      "maker_order_id": 3396,
      "taker_trader_id": 723,
      "maker_trader_id": 765,
      "price": 64924.53,
      "size": 8.68,
      "taker_side": "BUY",
      "maker_side": "SELL",
      "taker_partial": true,
      "maker_partial": false,
      "timestamp": 1765107427318374239
    },
    {
      "trade_id": 909,
      "taker_order_id": 2784,
      "maker_order_id": 3405,
      "taker_trader_id": 189,
      "maker_trader_id": 878,
      "price": 64918.09,
      "size": 91.2,
      "taker_side": "BUY",
      "maker_side": "SELL",
      "taker_partial": false,
      "maker_partial": true,
      "timestamp": 1765107427318540410
    },
    {
      "trade_id": 910,
      "taker_order_id": 3406,
      "maker_order_id": 3405,
      "taker_trader_id": 402,
      "maker_trader_id": 878,
      "price": 64918.09,
      "size": 7.79,
      "taker_side": "BUY",
      "maker_side": "SELL",
      "taker_partial": true,
      "maker_partial": false,
      "timestamp": 1765107427318633609
    },
    {
      "trade_id": 911,
      "taker_order_id": 3412,
      "maker_order_id": 3411,
      "taker_trader_id": 502,
      "maker_trader_id": 310,
      "price": 65099.64,
      "size": 15.79,
      "taker_side": "SELL",
      "maker_side": "BUY",
      "taker_partial": false,
      "maker_partial": true,
      "timestamp": 1765107427318652452
    },
    {
      "trade_id": 912,
      "taker_order_id": 3414,
      "maker_order_id": 3411,
      "taker_trader_id": 22,
      "maker_trader_id": 310,
      "price": 65099.64,
      "size": 18.42,
      "taker_side": "SELL",
      "maker_side": "BUY",
      "taker_partial": false,
      "maker_partial": true,
      "timestamp": 1765107427318849209
    },
    {
      "trade_id": 913,
      "taker_order_id": 3258,
      "maker_order_id": 3411,
      "taker_trader_id": 984,
      "maker_trader_id": 310,
      "price": 65099.64,
      "size": 7.58,
      "taker_side": "SELL",
      "maker_side": "BUY",
      "taker_partial": false,
      "maker_partial": true,
      "timestamp": 1765107427318902961
    },
    {
      "trade_id": 914,
      "taker_order_id": 3415,
      "maker_order_id": 3411,
      "taker_trader_id": 624,
      "maker_trader_id": 310,
      "price": 65099.64,
      "size": 1.86,
      "taker_side": "SELL",
      "maker_side": "BUY",
      "taker_partial": true,
      "maker_partial": false,
      "timestamp": 1765107427318903998
    },
    {
      "trade_id": 915,
      "taker_order_id": 3427,
      "maker_order_id": 3425,
      "taker_trader_id": 203,
      "maker_trader_id": 720,
      "price": 64903.74,
      "size": 63.79,
      "taker_side": "BUY",
      "maker_side": "SELL",
      "taker_partial": true,
      "maker_partial": false,
      "timestamp": 1765107427319174036
    },
    {
      "trade_id": 916,
      "taker_order_id": 3464,
      "maker_order_id": 2637,
      "taker_trader_id": 490,
      "maker_trader_id": 934,
      "price": 64901.32,
      "size": 9.31,
      "taker_side": "BUY",
      "maker_side": "SELL",
      "taker_partial": true,
      "maker_partial": false,
      "timestamp": 1765107427320065232
    },
    {
      "trade_id": 917,
      "taker_order_id": 1089,
      "maker_order_id": 3476,
      "taker_trader_id": 811,
      "maker_trader_id": 742,
      "price": 64917.93,
      "size": 6.28,
      "taker_side": "BUY",
      "maker_side": "SELL",
      "taker_partial": false,
      "maker_partial": true,
      "timestamp": 1765107427320486397
    },
    {
      "trade_id": 918,
      "taker_order_id": 3478,
      "maker_order_id": 3476,
      "taker_trader_id": 123,
      "maker_trader_id": 742,
      "price": 64917.93,
      "size": 12.87,
      "taker_side": "BUY",
      "maker_side": "SELL",
      "taker_partial": true,
      "maker_partial": false,
      "timestamp": 1765107427320487305
    },
    {
      "trade_id": 919,
      "taker_order_id": 3479,
      "maker_order_id": 3472,
      "taker_trader_id": 193,
      "maker_trader_id": 994,
      "price": 64923.45,
      "size": 21.09,
      "taker_side": "BUY",
      "maker_side": "SELL",
      "taker_partial": false,
      "maker_partial": true,
      "timestamp": 1765107427320501651
    },
    {
      "trade_id": 920,
      "taker_order_id": 3482,
      "maker_order_id": 3472,
      "taker_trader_id": 81,
      "maker_trader_id": 994,
      "price": 64923.45,
      "size": 79,
      "taker_side": "BUY",
      "maker_side": "SELL",
      "taker_partial": true,
      "maker_partial": false,
      "timestamp": 1765107427320631772
    },
    {
      "trade_id": 921,
      "taker_order_id": 3498,
      "maker_order_id": 3497,
      "taker_trader_id": 361,
      "maker_trader_id": 303,
      "price": 64904.98,
      "size": 8.14,
      "taker_side": "BUY",
      "maker_side": "SELL",
      "taker_partial": true,
      "maker_partial": false,
      "timestamp": 1765107427321252924
    },
    {
      "trade_id": 922,
      "taker_order_id": 2289,
      "maker_order_id": 3504,
      "taker_trader_id": 653,
      "maker_trader_id": 436,
      "price": 64902.4,
      "size": 75.27,
      "taker_side": "BUY",
      "maker_side": "SELL",
      "taker_partial": false,
      "maker_partial": true,
      "timestamp": 1765107427321526706
    },
    {
      "trade_id": 923,
      "taker_order_id": 3505,
      "maker_order_id": 3504,
      "taker_trader_id": 938,
      "maker_trader_id": 436,
      "price": 64902.4,
      "size": 16.7,
      "taker_side": "BUY",
      "maker_side": "SELL",
      "taker_partial": false,
      "maker_partial": true,
      "timestamp": 1765107427321527115
    },
    {
      "trade_id": 924,
      "taker_order_id": 3507,
      "maker_order_id": 3504,
      "taker_trader_id": 344,
      "maker_trader_id": 436,
      "price": 64902.4,
      "size": 4.69,
      "taker_side": "BUY",
      "maker_side": "SELL",
      "taker_partial": true,
      "maker_partial": false,
      "timestamp": 1765107427321529952
    },
    {
      "trade_id": 925,
      "taker_order_id": 3522,
      "maker_order_id": 3521,
      "taker_trader_id": 354,
      "maker_trader_id": 249,
      "price": 64918.02,
      "size": 31.45,
      "taker_side": "BUY",
      "maker_side": "SELL",
      "taker_partial": true,
      "maker_partial": false,
      "timestamp": 1765107427322012050
    },
    {
      "trade_id": 926,
      "taker_order_id": 3530,
      "maker_order_id": 3528,
      "taker_trader_id": 57,
      "maker_trader_id": 5,
      "price": 64908.81,
      "size": 42.16,
      "taker_side": "BUY",
      "maker_side": "SELL",
      "taker_partial": false,
      "maker_partial": true,
      "timestamp": 1765107427322158380
    },
    {
      "trade_id": 927,
      "taker_order_id": 3533,
      "maker_order_id": 3528,
      "taker_trader_id": 977,
      "maker_trader_id": 5,
      "price": 64908.81,
      "size": 22.8,
      "taker_side": "BUY",
      "maker_side": "SELL",
      "taker_partial": false,
      "maker_partial": true,
      "timestamp": 1765107427322160994
    },
    {
      "trade_id": 928,
      "taker_order_id": 3536,
      "maker_order_id": 3528,
      "taker_trader_id": 675,
      "maker_trader_id": 5,
      "price": 64908.81,
      "size": 30.99,
      "taker_side": "BUY",
      "maker_side": "SELL",
      "taker_partial": true,
      "maker_partial": false,
      "timestamp": 1765107427322216749
    },
    {
      "trade_id": 929,
      "taker_order_id": 3550,
      "maker_order_id": 3547,
      "taker_trader_id": 382,
      "maker_trader_id": 891,
      "price": 64900.68,
      "size": 3.21,
      "taker_side": "BUY",
      "maker_side": "SELL",
      "taker_partial": false,
      "maker_partial": true,
      "timestamp": 1765107427322425277
    },
    {
      "trade_id": 930,
      "taker_order_id": 3551,
      "maker_order_id": 3547,
      "taker_trader_id": 747,
      "maker_trader_id": 891,
      "price": 64900.68,
      "size": 17.59,
      "taker_side": "BUY",
      "maker_side": "SELL",
      "taker_partial": true,
      "maker_partial": false,
      "timestamp": 1765107427322488668
    },
    {
      "trade_id": 931,
      "taker_order_id": 3553,
      "maker_order_id": 3371,
      "taker_trader_id": 213,
      "maker_trader_id": 196,
      "price": 64904.95,
      "size": 1.79,
      "taker_side": "BUY",
      "maker_side": "SELL",
      "taker_partial": false,
      "maker_partial": true,
      "timestamp": 1765107427322561351
    },
    {
      "trade_id": 932,
      "taker_order_id": 3554,
      "maker_order_id": 3371,
      "taker_trader_id": 310,
      "maker_trader_id": 196,
      "price": 64904.95,
      "size": 47.41,
      "taker_side": "BUY",
      "maker_side": "SELL",
      "taker_partial": false,
      "maker_partial": true,
      "timestamp": 1765107427322561714
    },
    {
      "trade_id": 933,
      "taker_order_id": 3555,
      "maker_order_id": 3371,
      "taker_trader_id": 24,
      "maker_trader_id": 196,
      "price": 64904.95,
      "size": 6.6,
      "taker_side": "BUY",
      "maker_side": "SELL",
      "taker_partial": true,
      "maker_partial": false,
      "timestamp": 1765107427322614802
    }
  ],
  "tree": {
    "hash": "cf03a029224526d467b79df59264f3ce53e7cf09e4e3ef120e7722122d9090ac",
    "node_type": "ROOT",
    "metadata": "OrderBook Root",
    "children": [
      {
        "hash": "14558fdd0b559d7db1ff62521ece61ed40e930311da3fbe652f3e710a920e8e1",
        "node_type": "BUY_SIDE",
        "metadata": "BUY_SIDE",
        "children": [
          {
            "hash": "0a853288b7187f0b9637369a333393c595a08fc771c56af2e7a109a98242f3b5",
            "node_type": "PRICE_GROUP",
            "metadata": "Group 0",
            "children": [
              {
                "price": 65098.27,
                "total_volume": 63.12,
                "slots": [
                  {
                    "slot_index": 7,
                    "slot_name": "RETAIL_7",
                    "description": "Retail ордера (группа 7)",
                    "priority": 3,
                    "volume": 63.12,
                    "orders_count": 1,
                    "orders": [
                      {
                        "id": 2221,
                        "trader_id": 304,
                        "price": 65098.27,
                        "size": 63.12,
                        "side": "BUY"
                      }
                    ]
                  }
                ],
                "hash": "e8d68a005e5e5f22cb15369d98e65fe917d904a6bf9f8e940c493436eea39b55"
              },
              {
                "price": 65098.21,
                "total_volume": 49.02,
                "slots": [
                  {
                    "slot_index": 9,
                    "slot_name": "RETAIL_9",
                    "description": "Retail ордера (группа 9)",
                    "priority": 3,
                    "volume": 49.02,
                    "orders_count": 1,
                    "orders": [
                      {
                        "id": 2923,
                        "trader_id": 606,
                        "price": 65098.21,
                        "size": 49.02,
                        "side": "BUY"
                      }
                    ]
                  }
                ],
                "hash": "d56844e1cbc28e9f80eb38c13ea3851c154bf0c560acba5fdff06f057e3d6918"
              },
              {
                "price": 65098.12,
                "total_volume": 58.07,
                "slots": [
                  {
                    "slot_index": 9,
                    "slot_name": "RETAIL_9",
                    "description": "Retail ордера (группа 9)",
                    "priority": 3,
                    "volume": 58.07,
                    "orders_count": 1,
                    "orders": [
                      {
                        "id": 2741,
                        "trader_id": 654,
                        "price": 65098.12,
                        "size": 58.07,
                        "side": "BUY"
                      }
                    ]
                  }
                ],
                "hash": "3a0e6745c9275206db437398cd7701764049948e217f05f1353343d27d2acabb"
              },
              {
                "price": 65098.04,
                "total_volume": 94.4,
                "slots": [
                  {
                    "slot_index": 5,
                    "slot_name": "RETAIL_5",
                    "description": "Retail ордера (группа 5)",
                    "priority": 3,
                    "volume": 94.4,
                    "orders_count": 1,
                    "orders": [
                      {
                        "id": 2419,
                        "trader_id": 782,
                        "price": 65098.04,
                        "size": 94.4,
                        "side": "BUY"
                      }
                    ]
                  }
                ],
                "hash": "e1f6e36727c8744873b8f7b97b290c248bcbeee3f2bcbe024f48d11b85075e98"
              },
              {
                "price": 65097.67,
                "total_volume": 43.56,
                "slots": [
                  {
                    "slot_index": 10,
                    "slot_name": "RETAIL_10",
                    "description": "Retail ордера (группа 10)",
                    "priority": 3,
                    "volume": 43.56,
                    "orders_count": 1,
                    "orders": [
                      {
                        "id": 2079,
                        "trader_id": 883,
                        "price": 65097.67,
                        "size": 43.56,
                        "side": "BUY"
                      }
                    ]
                  }
                ],
                "hash": "f0849f01e1ce397c6478d6ff35de309606a3821a0695a10e3e8fabe39af37a1c"
              },
              {
                "price": 65097.54,
                "total_volume": 88.77,
                "slots": [
                  {
                    "slot_index": 6,
                    "slot_name": "RETAIL_6",
                    "description": "Retail ордера (группа 6)",
                    "priority": 3,
                    "volume": 88.77,
                    "orders_count": 1,
                    "orders": [
                      {
                        "id": 3519,
                        "trader_id": 231,
                        "price": 65097.54,
                        "size": 88.77,
                        "side": "BUY"
                      }
                    ]
                  }
                ],
                "hash": "77273ef3e7efe494096eca0e8739e61ed08b9874233ceaf2cd946b4828345da4"
              },
              {
                "price": 65096.77,
                "total_volume": 53.24,
                "slots": [
                  {
                    "slot_index": 5,
                    "slot_name": "RETAIL_5",
                    "description": "Retail ордера (группа 5)",
                    "priority": 3,
                    "volume": 53.24,
                    "orders_count": 1,
                    "orders": [
                      {
                        "id": 2759,
                        "trader_id": 782,
                        "price": 65096.77,
                        "size": 53.24,
                        "side": "BUY"
                      }
                    ]
                  }
                ],
                "hash": "270c371e871eeaa4864af3fe081ef3053dd18cba54bb95e9adf41c828e69e96c"
              },
              {
                "price": 65096.76,
                "total_volume": 45.29,
                "slots": [
                  {
                    "slot_index": 10,
                    "slot_name": "RETAIL_10",
                    "description": "Retail ордера (группа 10)",
                    "priority": 3,
                    "volume": 45.29,
                    "orders_count": 1,
                    "orders": [
                      {
                        "id": 657,
                        "trader_id": 823,
                        "price": 65096.76,
                        "size": 45.29,
                        "side": "BUY"
                      }
                    ]
                  }
                ],
                "hash": "b35df380250b4b8236e1aedc35cada08b9146c959e495c7b1636f52707227dbe"
              },
              {
                "price": 65096.63,
                "total_volume": 82.65,
                "slots": [
                  {
                    "slot_index": 9,
                    "slot_name": "RETAIL_9",
                    "description": "Retail ордера (группа 9)",
                    "priority": 3,
                    "volume": 82.65,
                    "orders_count": 1,
                    "orders": [
                      {
                        "id": 3191,
                        "trader_id": 198,
                        "price": 65096.63,
                        "size": 82.65,
                        "side": "BUY"
                      }
                    ]
                  }
                ],
                "hash": "f5332b2e1f6a77289e796cbb31a3481862dcb6bb999587b3594d1f525c8546b4"
              },
              {
                "price": 65096.3,
                "total_volume": 89.52,
                "slots": [
                  {
                    "slot_index": 9,
                    "slot_name": "RETAIL_9",
                    "description": "Retail ордера (группа 9)",
                    "priority": 3,
                    "volume": 89.52,
                    "orders_count": 1,
                    "orders": [
                      {
                        "id": 2856,
                        "trader_id": 558,
                        "price": 65096.3,
                        "size": 89.52,
                        "side": "BUY"
                      }
                    ]
                  }
                ],
                "hash": "6ec10de3038587baa54d6f86c0863f2aac6b616a94d06b376f7e046c6f6a4572"
              },
              {
                "price": 65096.22,
                "total_volume": 75.34,
                "slots": [
                  {
                    "slot_index": 9,
                    "slot_name": "RETAIL_9",
                    "description": "Retail ордера (группа 9)",
                    "priority": 3,
                    "volume": 75.34,
                    "orders_count": 1,
                    "orders": [
                      {
                        "id": 2340,
                        "trader_id": 954,
                        "price": 65096.22,
                        "size": 75.34,
                        "side": "BUY"
                      }
                    ]
                  }
                ],
                "hash": "48d58ede65650467f6025a0e05d174a950483db813f1c9b9e7dc444ac7219d42"
              },
              {
                "price": 65096.2,
                "total_volume": 34.43,
                "slots": [
                  {
                    "slot_index": 9,
                    "slot_name": "RETAIL_9",
                    "description": "Retail ордера (группа 9)",
                    "priority": 3,
                    "volume": 34.43,
                    "orders_count": 1,
                    "orders": [
                      {
                        "id": 256,
                        "trader_id": 414,
                        "price": 65096.2,
                        "size": 34.43,
                        "side": "BUY"
                      }
                    ]
                  }
                ],
                "hash": "1259455ada53cb413f621ac086fc3165b9948a7efb57294a89f75a5a12cfebf6"
              },
              {
                "price": 65095.6,
                "total_volume": 87.56,
                "slots": [
                  {
                    "slot_index": 8,
                    "slot_name": "RETAIL_8",
                    "description": "Retail ордера (группа 8)",
                    "priority": 3,
                    "volume": 87.56,
                    "orders_count": 1,
                    "orders": [
                      {
                        "id": 2712,
                        "trader_id": 881,
                        "price": 65095.6,
                        "size": 87.56,
                        "side": "BUY"
                      }
                    ]
                  }
                ],
                "hash": "73ff05f45a6cddf1817744197ba83cc570d89f220205bdf064ee91ffb50a304c"
              },
              {
                "price": 65095.56,
                "total_volume": 19.67,
                "slots": [
                  {
                    "slot_index": 14,
                    "slot_name": "RETAIL_14",
                    "description": "Retail ордера (группа 14)",
                    "priority": 3,
                    "volume": 19.67,
                    "orders_count": 1,
                    "orders": [
                      {
                        "id": 2755,
                        "trader_id": 191,
                        "price": 65095.56,
                        "size": 19.67,
                        "side": "BUY"
                      }
                    ]
                  }
                ],
                "hash": "d6afe4a8e9dcad413222482dcc010a5f417f4ce4689e6b57d589f3c50b3d9df2"
              },
              {
                "price": 65094.81,
                "total_volume": 126.9,
                "slots": [
                  {
                    "slot_index": 11,
                    "slot_name": "RETAIL_11",
                    "description": "Retail ордера (группа 11)",
                    "priority": 3,
                    "volume": 126.9,
                    "orders_count": 2,
                    "orders": [
                      {
                        "id": 1888,
                        "trader_id": 164,
                        "price": 65094.81,
                        "size": 48.1,
                        "side": "BUY"
                      },
                      {
                        "id": 2912,
                        "trader_id": 356,
                        "price": 65094.81,
                        "size": 78.8,
                        "side": "BUY"
                      }
                    ]
                  }
                ],
                "hash": "d2b0d814b3cab63e8d80401081544285be2877d99f151c1b044e9164cdfdb5e8"
              },
              {
                "price": 65094.77,
                "total_volume": 17.74,
                "slots": [
                  {
                    "slot_index": 1,
                    "slot_name": "VIP",
                    "description": "VIP-трейдеры",
                    "priority": 1,
                    "volume": 17.74,
                    "orders_count": 1,
                    "orders": [
                      {
                        "id": 2530,
                        "trader_id": 3,
                        "price": 65094.77,
                        "size": 17.74,
                        "side": "BUY"
                      }
                    ]
                  }
                ],
                "hash": "ad8255df4be0020cdb898285581b7edf28f8d1052ca34363a2b9d8bcf02623ef"
              }
            ],
            "stats": {
              "children_count": 16,
              "total_orders": 17,
              "total_volume": 1029.28
            }
          },
          {
            "hash": "a22af6f33de21e2c4aabaa31d2ab83cc590a336059c74ac7e6a8bb55cb4de0b2",
            "node_type": "PRICE_GROUP",
            "metadata": "Group 1",
            "children": [
              {
                "price": 65087.18,
                "total_volume": 24.73,
                "slots": [
                  {
                    "slot_index": 7,
                    "slot_name": "RETAIL_7",
                    "description": "Retail ордера (группа 7)",
                    "priority": 3,
                    "volume": 24.73,
                    "orders_count": 1,
                    "orders": [
                      {
                        "id": 962,
                        "trader_id": 700,
                        "price": 65087.18,
                        "size": 24.73,
                        "side": "BUY"
                      }
                    ]
                  }
                ],
                "hash": "c8634ccbf27f045065fa8585184e57b47d2f6f3f11b67e9698729b8269c5e987"
              },
              {
                "price": 65087.17,
                "total_volume": 58.94,
                "slots": [
                  {
                    "slot_index": 12,
                    "slot_name": "RETAIL_12",
                    "description": "Retail ордера (группа 12)",
                    "priority": 3,
                    "volume": 58.94,
                    "orders_count": 1,
                    "orders": [
                      {
                        "id": 1648,
                        "trader_id": 573,
                        "price": 65087.17,
                        "size": 58.94,
                        "side": "BUY"
                      }
                    ]
                  }
                ],
                "hash": "9dd39d2b4ce4f474f993a19a0759c3c44de6edaced8d00093460368bc915abf5"
              },
              {
                "price": 65086.76,
                "total_volume": 63.64,
                "slots": [
                  {
                    "slot_index": 5,
                    "slot_name": "RETAIL_5",
                    "description": "Retail ордера (группа 5)",
                    "priority": 3,
                    "volume": 63.64,
                    "orders_count": 1,
                    "orders": [
                      {
                        "id": 1848,
                        "trader_id": 350,
                        "price": 65086.76,
                        "size": 63.64,
                        "side": "BUY"
                      }
                    ]
                  }
                ],
                "hash": "b16bd13d9e90359bac6905a0b833aeaefe5031b5b8a58d536d75f05671bdefbd"
              },
              {
                "price": 65086.66,
                "total_volume": 67.81,
                "slots": [
                  {
                    "slot_index": 5,
                    "slot_name": "RETAIL_5",
                    "description": "Retail ордера (группа 5)",
                    "priority": 3,
                    "volume": 67.81,
                    "orders_count": 1,
                    "orders": [
                      {
                        "id": 2714,
                        "trader_id": 770,
                        "price": 65086.66,
                        "size": 67.81,
                        "side": "BUY"
                      }
                    ]
                  }
                ],
                "hash": "44b1ca92c1d87bca077e5b35db3b5329a12d0ee532af1d543683319b6edf0d23"
              },
              {
                "price": 65086.6,
                "total_volume": 55.89,
                "slots": [
                  {
                    "slot_index": 7,
                    "slot_name": "RETAIL_7",
                    "description": "Retail ордера (группа 7)",
                    "priority": 3,
                    "volume": 55.89,
                    "orders_count": 1,
                    "orders": [
                      {
                        "id": 2571,
                        "trader_id": 832,
                        "price": 65086.6,
                        "size": 55.89,
                        "side": "BUY"
                      }
                    ]
                  }
                ],
                "hash": "3159c01e68ef14554bfaab7db5170214f383285ab3a879ffac40099d068195d3"
              },
              {
                "price": 65086.51,
                "total_volume": 21.62,
                "slots": [
                  {
                    "slot_index": 10,
                    "slot_name": "RETAIL_10",
                    "description": "Retail ордера (группа 10)",
                    "priority": 3,
                    "volume": 21.62,
                    "orders_count": 1,
                    "orders": [
                      {
                        "id": 1305,
                        "trader_id": 763,
                        "price": 65086.51,
                        "size": 21.62,
                        "side": "BUY"
                      }
                    ]
                  }
                ],
                "hash": "27808af4c4c23112df8bbe6f4da5e96cdbdf3fcd0a27b0ea70b399105cebbe3b"
              },
              {
                "price": 65086.5,
                "total_volume": 95.24,
                "slots": [
                  {
                    "slot_index": 4,
                    "slot_name": "RETAIL_4",
                    "description": "Retail ордера (группа 4)",
                    "priority": 3,
                    "volume": 95.24,
                    "orders_count": 1,
                    "orders": [
                      {
                        "id": 3031,
                        "trader_id": 901,
                        "price": 65086.5,
                        "size": 95.24,
                        "side": "BUY"
                      }
                    ]
                  }
                ],
                "hash": "4a6caca6758d849beb6405a87acdd30425ada6fa3f46a60db5b567ccc528e2b4"
              },
              {
                "price": 65086.49,
                "total_volume": 94.23,
                "slots": [
                  {
                    "slot_index": 7,
                    "slot_name": "RETAIL_7",
                    "description": "Retail ордера (группа 7)",
                    "priority": 3,
                    "volume": 94.23,
                    "orders_count": 1,
                    "orders": [
                      {
                        "id": 2171,
                        "trader_id": 832,
                        "price": 65086.49,
                        "size": 94.23,
                        "side": "BUY"
                      }
                    ]
                  }
                ],
                "hash": "7ce781ced0cb519708ae1cf19579975579d93895620525e710a27741fcdc7164"
              },
              {
                "price": 65086.05,
                "total_volume": 50.26,
                "slots": [
                  {
                    "slot_index": 5,
                    "slot_name": "RETAIL_5",
                    "description": "Retail ордера (группа 5)",
                    "priority": 3,
                    "volume": 50.26,
                    "orders_count": 1,
                    "orders": [
                      {
                        "id": 3543,
                        "trader_id": 122,
                        "price": 65086.05,
                        "size": 50.26,
                        "side": "BUY"
                      }
                    ]
                  }
                ],
                "hash": "7600b067299387d008c2ea0ce4b3f3623497407cebd5d21ec785a4a37537f073"
              },
              {
                "price": 65085.86,
                "total_volume": 76.17,
                "slots": [
                  {
                    "slot_index": 12,
                    "slot_name": "RETAIL_12",
                    "description": "Retail ордера (группа 12)",
                    "priority": 3,
                    "volume": 76.17,
                    "orders_count": 1,
                    "orders": [
                      {
                        "id": 1909,
                        "trader_id": 693,
                        "price": 65085.86,
                        "size": 76.17,
                        "side": "BUY"
                      }
                    ]
                  }
                ],
                "hash": "8d65d25344a56d3b07b7e24c5d90cafb3d118cb4d37c6ff336ffdd44f41c38d3"
              },
              {
                "price": 65085.79,
                "total_volume": 23.64,
                "slots": [
                  {
                    "slot_index": 10,
                    "slot_name": "RETAIL_10",
                    "description": "Retail ордера (группа 10)",
                    "priority": 3,
                    "volume": 23.64,
                    "orders_count": 1,
                    "orders": [
                      {
                        "id": 2887,
                        "trader_id": 763,
                        "price": 65085.79,
                        "size": 23.64,
                        "side": "BUY"
                      }
                    ]
                  }
                ],
                "hash": "023e8bf305371caaa0c03c1de65033677a90e4e50a044dfd9f7d04b427b7d36d"
              },
              {
                "price": 65085.77,
                "total_volume": 26.58,
                "slots": [
                  {
                    "slot_index": 14,
                    "slot_name": "RETAIL_14",
                    "description": "Retail ордера (группа 14)",
                    "priority": 3,
                    "volume": 26.58,
                    "orders_count": 1,
                    "orders": [
                      {
                        "id": 1773,
                        "trader_id": 443,
                        "price": 65085.77,
                        "size": 26.58,
                        "side": "BUY"
                      }
                    ]
                  }
                ],
                "hash": "1cdde774d76f96fd72585d6ed8877b4849b974e40565952de6d95b02c83d63e3"
              },
              {
                "price": 65085.17,
                "total_volume": 96.24,
                "slots": [
                  {
                    "slot_index": 8,
                    "slot_name": "RETAIL_8",
                    "description": "Retail ордера (группа 8)",
                    "priority": 3,
                    "volume": 96.24,
                    "orders_count": 1,
                    "orders": [
                      {
                        "id": 2327,
                        "trader_id": 305,
                        "price": 65085.17,
                        "size": 96.24,
                        "side": "BUY"
                      }
                    ]
                  }
                ],
                "hash": "fde8216d7503601302b670cebffb01902387e223afa3c2ae9e88d010e1257ac0"
              },
              {
                "price": 65085.05,
                "total_volume": 38.22,
                "slots": [
                  {
                    "slot_index": 1,
                    "slot_name": "VIP",
                    "description": "VIP-трейдеры",
                    "priority": 1,
                    "volume": 38.22,
                    "orders_count": 1,
                    "orders": [
                      {
                        "id": 2710,
                        "trader_id": 33,
                        "price": 65085.05,
                        "size": 38.22,
                        "side": "BUY"
                      }
                    ]
                  }
                ],
                "hash": "e09fbd30709b3cb39842eb15fc8d55afb03fb5a7663e765909f54d180170d504"
              },
              {
                "price": 65084.87,
                "total_volume": 34.75,
                "slots": [
                  {
                    "slot_index": 14,
                    "slot_name": "RETAIL_14",
                    "description": "Retail ордера (группа 14)",
                    "priority": 3,
                    "volume": 34.75,
                    "orders_count": 1,
                    "orders": [
                      {
                        "id": 3428,
                        "trader_id": 323,
                        "price": 65084.87,
                        "size": 34.75,
                        "side": "BUY"
                      }
                    ]
                  }
                ],
                "hash": "ed2a4b43c38df34eca0cc0653d834c0ec5d2ecd703d6ceb4c150a358beeb24af"
              },
              {
                "price": 65084.51,
                "total_volume": 67.7,
                "slots": [
                  {
                    "slot_index": 1,
                    "slot_name": "VIP",
                    "description": "VIP-трейдеры",
                    "priority": 1,
                    "volume": 57.77,
                    "orders_count": 1,
                    "orders": [
                      {
                        "id": 3334,
                        "trader_id": 10,
                        "price": 65084.51,
                        "size": 57.77,
                        "side": "BUY"
                      }
                    ]
                  },
                  {
                    "slot_index": 2,
                    "slot_name": "SMALL_RETAIL",
                    "description": "Мелкие retail (\u003c$10)",
                    "priority": 2,
                    "volume": 9.93,
                    "orders_count": 1,
                    "orders": [
                      {
                        "id": 333,
                        "trader_id": 220,
                        "price": 65084.51,
                        "size": 9.93,
                        "side": "BUY"
                      }
                    ]
                  }
                ],
                "hash": "8016bb65cd6fc4f3f26b6ebf893154c8ed3d1ddc45d24dead37c8dc246fbdd87"
              }
            ],
            "stats": {
              "children_count": 16,
              "total_orders": 17,
              "total_volume": 895.6600000000001
            }
          },
          {
            "hash": "0f6a5724357f9cedd2f5692df1ec5c6ba005520c42f0dfcdc2a3797d6fd1c15c",
            "node_type": "PRICE_GROUP",
            "metadata": "Group 2",
            "children": [
              {
                "price": 65075.43,
                "total_volume": 63.75,
                "slots": [
                  {
                    "slot_index": 1,
                    "slot_name": "VIP",
                    "description": "VIP-трейдеры",
                    "priority": 1,
                    "volume": 63.75,
                    "orders_count": 1,
                    "orders": [
                      {
                        "id": 646,
                        "trader_id": 62,
                        "price": 65075.43,
                        "size": 63.75,
                        "side": "BUY"
                      }
                    ]
                  }
                ],
                "hash": "240c865200b260fa5b126d274bb9650715273b5f5c0f875540807a8d310fc136"
              },
              {
                "price": 65075.23,
                "total_volume": 4.19,
                "slots": [
                  {
                    "slot_index": 2,
                    "slot_name": "SMALL_RETAIL",
                    "description": "Мелкие retail (\u003c$10)",
                    "priority": 2,
                    "volume": 4.19,
                    "orders_count": 1,
                    "orders": [
                      {
                        "id": 2529,
                        "trader_id": 125,
                        "price": 65075.23,
                        "size": 4.19,
                        "side": "BUY"
                      }
                    ]
                  }
                ],
                "hash": "0cfa20ab530a986a19a41ebe64803153ff044dab00a302a50f700b6a1d0ae7ee"
              },
              {
                "price": 65074.89,
                "total_volume": 63.58,
                "slots": [
                  {
                    "slot_index": 12,
                    "slot_name": "RETAIL_12",
                    "description": "Retail ордера (группа 12)",
                    "priority": 3,
                    "volume": 63.58,
                    "orders_count": 1,
                    "orders": [
                      {
                        "id": 1253,
                        "trader_id": 669,
                        "price": 65074.89,
                        "size": 63.58,
                        "side": "BUY"
                      }
                    ]
                  }
                ],
                "hash": "c0a639b7c253c75bc3fe8a5fddd0bee3e016b7ba7f80f32341c81a59771b838f"
              },
              {
                "price": 65074.61,
                "total_volume": 26.45,
                "slots": [
                  {
                    "slot_index": 10,
                    "slot_name": "RETAIL_10",
                    "description": "Retail ордера (группа 10)",
                    "priority": 3,
                    "volume": 26.45,
                    "orders_count": 1,
                    "orders": [
                      {
                        "id": 2142,
                        "trader_id": 607,
                        "price": 65074.61,
                        "size": 26.45,
                        "side": "BUY"
                      }
                    ]
                  }
                ],
                "hash": "d25c20b488f35ec4495b58647b793ce7e1bb2dc7ffd1bf711214bd23f13b7a9b"
              },
              {
                "price": 65074.1,
                "total_volume": 106.99,
                "slots": [
                  {
                    "slot_index": 4,
                    "slot_name": "RETAIL_4",
                    "description": "Retail ордера (группа 4)",
                    "priority": 3,
                    "volume": 41,
                    "orders_count": 1,
                    "orders": [
                      {
                        "id": 2509,
                        "trader_id": 601,
                        "price": 65074.1,
                        "size": 41,
                        "side": "BUY"
                      }
                    ]
                  },
                  {
                    "slot_index": 5,
                    "slot_name": "RETAIL_5",
                    "description": "Retail ордера (группа 5)",
                    "priority": 3,
                    "volume": 65.99,
                    "orders_count": 1,
                    "orders": [
                      {
                        "id": 180,
                        "trader_id": 446,
                        "price": 65074.1,
                        "size": 65.99,
                        "side": "BUY"
                      }
                    ]
                  }
                ],
                "hash": "4030ef3341e1a9f464300a522fbb8fe4bda1bbdb67b64f7b3dbed9dfa4d983a4"
              },
              {
                "price": 65073.85,
                "total_volume": 20.93,
                "slots": [
                  {
                    "slot_index": 6,
                    "slot_name": "RETAIL_6",
                    "description": "Retail ордера (группа 6)",
                    "priority": 3,
                    "volume": 20.93,
                    "orders_count": 1,
                    "orders": [
                      {
                        "id": 2050,
                        "trader_id": 603,
                        "price": 65073.85,
                        "size": 20.93,
                        "side": "BUY"
                      }
                    ]
                  }
                ],
                "hash": "476e4a00c0e68f76d600d07381e15f1bfeb40aceb987aedfd3a7cd0509a6f27b"
              },
              {
                "price": 65073.8,
                "total_volume": 38.47,
                "slots": [
                  {
                    "slot_index": 12,
                    "slot_name": "RETAIL_12",
                    "description": "Retail ордера (группа 12)",
                    "priority": 3,
                    "volume": 38.47,
                    "orders_count": 1,
                    "orders": [
                      {
                        "id": 2080,
                        "trader_id": 909,
                        "price": 65073.8,
                        "size": 38.47,
                        "side": "BUY"
                      }
                    ]
                  }
                ],
                "hash": "e1f5723b46218e3f7c2238aefc99299e080cc018405b8e825df4f2055fdf7459"
              },
              {
                "price": 65073.71,
                "total_volume": 8.54,
                "slots": [
                  {
                    "slot_index": 2,
                    "slot_name": "SMALL_RETAIL",
                    "description": "Мелкие retail (\u003c$10)",
                    "priority": 2,
                    "volume": 8.54,
                    "orders_count": 1,
                    "orders": [
                      {
                        "id": 2996,
                        "trader_id": 914,
                        "price": 65073.71,
                        "size": 8.54,
                        "side": "BUY"
                      }
                    ]
                  }
                ],
                "hash": "ab6495a1e26039091fdf28a0edd23e5abcb878946087a5899c526d767608b26a"
              },
              {
                "price": 65073.27,
                "total_volume": 27.18,
                "slots": [
                  {
                    "slot_index": 12,
                    "slot_name": "RETAIL_12",
                    "description": "Retail ордера (группа 12)",
                    "priority": 3,
                    "volume": 27.18,
                    "orders_count": 1,
                    "orders": [
                      {
                        "id": 964,
                        "trader_id": 153,
                        "price": 65073.27,
                        "size": 27.18,
                        "side": "BUY"
                      }
                    ]
                  }
                ],
                "hash": "4690be0011ccefa6581bec389f12f7a92d243c21feed6403851b8c94236c4fb7"
              },
              {
                "price": 65072.45,
                "total_volume": 50.55,
                "slots": [
                  {
                    "slot_index": 1,
                    "slot_name": "VIP",
                    "description": "VIP-трейдеры",
                    "priority": 1,
                    "volume": 50.55,
                    "orders_count": 1,
                    "orders": [
                      {
                        "id": 2580,
                        "trader_id": 25,
                        "price": 65072.45,
                        "size": 50.55,
                        "side": "BUY"
                      }
                    ]
                  }
                ],
                "hash": "5777ff84ebfee947771248a14e1a2c9af477ede39e5116fd5f2ddc5180874443"
              },
              {
                "price": 65072.32,
                "total_volume": 65.92,
                "slots": [
                  {
                    "slot_index": 12,
                    "slot_name": "RETAIL_12",
                    "description": "Retail ордера (группа 12)",
                    "priority": 3,
                    "volume": 65.92,
                    "orders_count": 1,
                    "orders": [
                      {
                        "id": 2223,
                        "trader_id": 909,
                        "price": 65072.32,
                        "size": 65.92,
                        "side": "BUY"
                      }
                    ]
                  }
                ],
                "hash": "7ca329e184cd1dd5c6530a9a64ae88ee1eb20b71d01c3fb8bee632d137757c8a"
              },
              {
                "price": 65072.31,
                "total_volume": 60.27,
                "slots": [
                  {
                    "slot_index": 9,
                    "slot_name": "RETAIL_9",
                    "description": "Retail ордера (группа 9)",
                    "priority": 3,
                    "volume": 60.27,
                    "orders_count": 1,
                    "orders": [
                      {
                        "id": 2852,
                        "trader_id": 486,
                        "price": 65072.31,
                        "size": 60.27,
                        "side": "BUY"
                      }
                    ]
                  }
                ],
                "hash": "e66bdad9bf105fadb47c5244209c63010c1e6a84f0f33df5cfe0643430c43939"
              },
              {
                "price": 65072.27,
                "total_volume": 53.02,
                "slots": [
                  {
                    "slot_index": 11,
                    "slot_name": "RETAIL_11",
                    "description": "Retail ордера (группа 11)",
                    "priority": 3,
                    "volume": 53.02,
                    "orders_count": 1,
                    "orders": [
                      {
                        "id": 2869,
                        "trader_id": 956,
                        "price": 65072.27,
                        "size": 53.02,
                        "side": "BUY"
                      }
                    ]
                  }
                ],
                "hash": "f7df18069a2b422ca88455b6afc12113b9b873f1ebc9f894c1b38eca2a00d7f4"
              },
              {
                "price": 65072.13,
                "total_volume": 60.68,
                "slots": [
                  {
                    "slot_index": 1,
                    "slot_name": "VIP",
                    "description": "VIP-трейдеры",
                    "priority": 1,
                    "volume": 60.68,
                    "orders_count": 1,
                    "orders": [
                      {
                        "id": 1516,
                        "trader_id": 43,
                        "price": 65072.13,
                        "size": 60.68,
                        "side": "BUY"
                      }
                    ]
                  }
                ],
                "hash": "d1d242d6ec6398bdfe3f20a474a0fe1fe4c0ecba3e37734026f706bb90e7f5a0"
              },
              {
                "price": 65072.09,
                "total_volume": 89.5,
                "slots": [
                  {
                    "slot_index": 14,
                    "slot_name": "RETAIL_14",
                    "description": "Retail ордера (группа 14)",
                    "priority": 3,
                    "volume": 89.5,
                    "orders_count": 1,
                    "orders": [
                      {
                        "id": 2273,
                        "trader_id": 863,
                        "price": 65072.09,
                        "size": 89.5,
                        "side": "BUY"
                      }
                    ]
                  }
                ],
                "hash": "d289ddde3fc78e70df55b3cbcb7c89f24d6edb0b7c9db88867fdfd6d302cb5e2"
              },
              {
                "price": 65072.02,
                "total_volume": 86.58,
                "slots": [
                  {
                    "slot_index": 5,
                    "slot_name": "RETAIL_5",
                    "description": "Retail ордера (группа 5)",
                    "priority": 3,
                    "volume": 86.58,
                    "orders_count": 1,
                    "orders": [
                      {
                        "id": 2015,
                        "trader_id": 494,
                        "price": 65072.02,
                        "size": 86.58,
                        "side": "BUY"
                      }
                    ]
                  }
                ],
                "hash": "b8ba4ab2b78bb037132d16a36a9e88cb5dcd077c848a21fd6d9fca5921044020"
              }
            ],
            "stats": {
              "children_count": 16,
              "total_orders": 17,
              "total_volume": 826.6
            }
          },
          {
            "hash": "2dc078c87e09111d6fbed731ded5a8f28902f51d0a80ca8fe351c12d85630672",
            "node_type": "PRICE_GROUP",
            "metadata": "Group 3",
            "children": [
              {
                "price": 65063.87,
                "total_volume": 17.2,
                "slots": [
                  {
                    "slot_index": 13,
                    "slot_name": "RETAIL_13",
                    "description": "Retail ордера (группа 13)",
                    "priority": 3,
                    "volume": 17.2,
                    "orders_count": 1,
                    "orders": [
                      {
                        "id": 2868,
                        "trader_id": 442,
                        "price": 65063.87,
                        "size": 17.2,
                        "side": "BUY"
                      }
                    ]
                  }
                ],
                "hash": "6608840669781d5f305538a2a8237be1edb1e9099d4f9b1310f434a4061bfb83"
              },
              {
                "price": 65063.71,
                "total_volume": 35.86,
                "slots": [
                  {
                    "slot_index": 1,
                    "slot_name": "VIP",
                    "description": "VIP-трейдеры",
                    "priority": 1,
                    "volume": 35.86,
                    "orders_count": 1,
                    "orders": [
                      {
                        "id": 3485,
                        "trader_id": 41,
                        "price": 65063.71,
                        "size": 35.86,
                        "side": "BUY"
                      }
                    ]
                  }
                ],
                "hash": "b3d46c267ad9fe288027db2c57d524cc76f6d90045403e98f893f16fe5eaed1e"
              },
              {
                "price": 65063.43,
                "total_volume": 19.27,
                "slots": [
                  {
                    "slot_index": 6,
                    "slot_name": "RETAIL_6",
                    "description": "Retail ордера (группа 6)",
                    "priority": 3,
                    "volume": 19.27,
                    "orders_count": 1,
                    "orders": [
                      {
                        "id": 3445,
                        "trader_id": 639,
                        "price": 65063.43,
                        "size": 19.27,
                        "side": "BUY"
                      }
                    ]
                  }
                ],
                "hash": "5d924290fc86477dfc58ca8c33aec244dc1138df291259904cdc465a301dfa79"
              },
              {
                "price": 65063.21,
                "total_volume": 87.97,
                "slots": [
                  {
                    "slot_index": 9,
                    "slot_name": "RETAIL_9",
                    "description": "Retail ордера (группа 9)",
                    "priority": 3,
                    "volume": 87.97,
                    "orders_count": 1,
                    "orders": [
                      {
                        "id": 2121,
                        "trader_id": 678,
                        "price": 65063.21,
                        "size": 87.97,
                        "side": "BUY"
                      }
                    ]
                  }
                ],
                "hash": "6f7da32afff079e4b61d73df93ea0fc53bab27ae8495fd9804cc3c31cdf2964d"
              },
              {
                "price": 65063.15,
                "total_volume": 40.37,
                "slots": [
                  {
                    "slot_index": 9,
                    "slot_name": "RETAIL_9",
                    "description": "Retail ордера (группа 9)",
                    "priority": 3,
                    "volume": 40.37,
                    "orders_count": 1,
                    "orders": [
                      {
                        "id": 3162,
                        "trader_id": 330,
                        "price": 65063.15,
                        "size": 40.37,
                        "side": "BUY"
                      }
                    ]
                  }
                ],
                "hash": "3f3b12ec7a6ca03e0ba00f6cf64e429c0b1a8b8535e2d8d9d875172bc02f9d52"
              },
              {
                "price": 65063.01,
                "total_volume": 71.57,
                "slots": [
                  {
                    "slot_index": 13,
                    "slot_name": "RETAIL_13",
                    "description": "Retail ордера (группа 13)",
                    "priority": 3,
                    "volume": 71.57,
                    "orders_count": 1,
                    "orders": [
                      {
                        "id": 1449,
                        "trader_id": 382,
                        "price": 65063.01,
                        "size": 71.57,
                        "side": "BUY"
                      }
                    ]
                  }
                ],
                "hash": "e46276ed5250a3c3765598fd18e966561eecbc72f1dc181c444f414a35038723"
              },
              {
                "price": 65062.79,
                "total_volume": 22.81,
                "slots": [
                  {
                    "slot_index": 5,
                    "slot_name": "RETAIL_5",
                    "description": "Retail ордера (группа 5)",
                    "priority": 3,
                    "volume": 22.81,
                    "orders_count": 1,
                    "orders": [
                      {
                        "id": 1838,
                        "trader_id": 422,
                        "price": 65062.79,
                        "size": 22.81,
                        "side": "BUY"
                      }
                    ]
                  }
                ],
                "hash": "1276914bc27f4717ae4ba59e1136443d2389ebfa2d881928c012ad566902cb3d"
              },
              {
                "price": 65062.31,
                "total_volume": 41.81,
                "slots": [
                  {
                    "slot_index": 7,
                    "slot_name": "RETAIL_7",
                    "description": "Retail ордера (группа 7)",
                    "priority": 3,
                    "volume": 41.81,
                    "orders_count": 1,
                    "orders": [
                      {
                        "id": 3450,
                        "trader_id": 976,
                        "price": 65062.31,
                        "size": 41.81,
                        "side": "BUY"
                      }
                    ]
                  }
                ],
                "hash": "ff97539e45574608aa7093b64c69716c10b51ba8f5bb735fc60f1f2127e2c70c"
              },
              {
                "price": 65062.07,
                "total_volume": 54.23,
                "slots": [
                  {
                    "slot_index": 8,
                    "slot_name": "RETAIL_8",
                    "description": "Retail ордера (группа 8)",
                    "priority": 3,
                    "volume": 54.23,
                    "orders_count": 1,
                    "orders": [
                      {
                        "id": 3138,
                        "trader_id": 809,
                        "price": 65062.07,
                        "size": 54.23,
                        "side": "BUY"
                      }
                    ]
                  }
                ],
                "hash": "2b21b2084dbdf47d46d2b0be2ac67caca41eeec516023f7bfca834e7cd2c6c71"
              },
              {
                "price": 65061.72,
                "total_volume": 7.1,
                "slots": [
                  {
                    "slot_index": 2,
                    "slot_name": "SMALL_RETAIL",
                    "description": "Мелкие retail (\u003c$10)",
                    "priority": 2,
                    "volume": 7.1,
                    "orders_count": 1,
                    "orders": [
                      {
                        "id": 2679,
                        "trader_id": 364,
                        "price": 65061.72,
                        "size": 7.1,
                        "side": "BUY"
                      }
                    ]
                  }
                ],
                "hash": "e48ba1d6ba4db2abb79af407f56082e3848b4598688087ab206621bc81bd8531"
              },
              {
                "price": 65061.43,
                "total_volume": 45.45,
                "slots": [
                  {
                    "slot_index": 12,
                    "slot_name": "RETAIL_12",
                    "description": "Retail ордера (группа 12)",
                    "priority": 3,
                    "volume": 45.45,
                    "orders_count": 1,
                    "orders": [
                      {
                        "id": 105,
                        "trader_id": 249,
                        "price": 65061.43,
                        "size": 45.45,
                        "side": "BUY"
                      }
                    ]
                  }
                ],
                "hash": "ad4e41fad692bebe6f428e8a18ed7750f09815faa90189cc6316470aa9215d87"
              },
              {
                "price": 65060.9,
                "total_volume": 10,
                "slots": [
                  {
                    "slot_index": 8,
                    "slot_name": "RETAIL_8",
                    "description": "Retail ордера (группа 8)",
                    "priority": 3,
                    "volume": 10,
                    "orders_count": 1,
                    "orders": [
                      {
                        "id": 1817,
                        "trader_id": 593,
                        "price": 65060.9,
                        "size": 10,
                        "side": "BUY"
                      }
                    ]
                  }
                ],
                "hash": "21182b3ba8523fca1d08542c7ffa90c40406d8fccd824bd8c7ca2922d74a6f69"
              },
              {
                "price": 65060.58,
                "total_volume": 90.8,
                "slots": [
                  {
                    "slot_index": 10,
                    "slot_name": "RETAIL_10",
                    "description": "Retail ордера (группа 10)",
                    "priority": 3,
                    "volume": 90.8,
                    "orders_count": 1,
                    "orders": [
                      {
                        "id": 376,
                        "trader_id": 991,
                        "price": 65060.58,
                        "size": 90.8,
                        "side": "BUY"
                      }
                    ]
                  }
                ],
                "hash": "ce38faddbd967096a08fdef90105124f2a458fe05d62c79a3457d8c67bac7ed6"
              },
              {
                "price": 65060.54,
                "total_volume": 94.14,
                "slots": [
                  {
                    "slot_index": 4,
                    "slot_name": "RETAIL_4",
                    "description": "Retail ордера (группа 4)",
                    "priority": 3,
                    "volume": 94.14,
                    "orders_count": 1,
                    "orders": [
                      {
                        "id": 2175,
                        "trader_id": 745,
                        "price": 65060.54,
                        "size": 94.14,
                        "side": "BUY"
                      }
                    ]
                  }
                ],
                "hash": "f9e120f1d7337947b86034e5eea090b512c44f5a05fc94ff6708883949e61eb2"
              },
              {
                "price": 65060.37,
                "total_volume": 53.6,
                "slots": [
                  {
                    "slot_index": 14,
                    "slot_name": "RETAIL_14",
                    "description": "Retail ордера (группа 14)",
                    "priority": 3,
                    "volume": 53.6,
                    "orders_count": 1,
                    "orders": [
                      {
                        "id": 3058,
                        "trader_id": 395,
                        "price": 65060.37,
                        "size": 53.6,
                        "side": "BUY"
                      }
                    ]
                  }
                ],
                "hash": "c93a68e0718398589bca908b3bbee876952b80bea6bb9af79049d369a319c787"
              },
              {
                "price": 65060.31,
                "total_volume": 56.66,
                "slots": [
                  {
                    "slot_index": 8,
                    "slot_name": "RETAIL_8",
                    "description": "Retail ордера (группа 8)",
                    "priority": 3,
                    "volume": 56.66,
                    "orders_count": 1,
                    "orders": [
                      {
                        "id": 2951,
                        "trader_id": 581,
                        "price": 65060.31,
                        "size": 56.66,
                        "side": "BUY"
                      }
                    ]
                  }
                ],
                "hash": "c547851de4b41f6b8046e842b29da1a0a76d995498d2e39f8991c37810b41a38"
              }
            ],
            "stats": {
              "children_count": 16,
              "total_orders": 16,
              "total_volume": 748.84
            }
          },
          {
            "hash": "1421640b15e0bdc6fc1459b9151d34d57bb0ebcc595a2add5931d2a524ba5f0e",
            "node_type": "PRICE_GROUP",
            "metadata": "Group 4",
            "children": [
              {
                "price": 65051.42,
                "total_volume": 3.87,
                "slots": [
                  {
                    "slot_index": 2,
                    "slot_name": "SMALL_RETAIL",
                    "description": "Мелкие retail (\u003c$10)",
                    "priority": 2,
                    "volume": 3.87,
                    "orders_count": 1,
                    "orders": [
                      {
                        "id": 2937,
                        "trader_id": 572,
                        "price": 65051.42,
                        "size": 3.87,
                        "side": "BUY"
                      }
                    ]
                  }
                ],
                "hash": "1f262523d5ef1019c3adcd56f976eb90307267a734da16c37c1f88d5361c09e1"
              },
              {
                "price": 65051.37,
                "total_volume": 44.44,
                "slots": [
                  {
                    "slot_index": 5,
                    "slot_name": "RETAIL_5",
                    "description": "Retail ордера (группа 5)",
                    "priority": 3,
                    "volume": 44.44,
                    "orders_count": 1,
                    "orders": [
                      {
                        "id": 521,
                        "trader_id": 878,
                        "price": 65051.37,
                        "size": 44.44,
                        "side": "BUY"
                      }
                    ]
                  }
                ],
                "hash": "5afdb054c2de638bc80112ee256b178ba9093170dea7e65739f2acadd4483865"
              },
              {
                "price": 65050.47,
                "total_volume": 18.86,
                "slots": [
                  {
                    "slot_index": 12,
                    "slot_name": "RETAIL_12",
                    "description": "Retail ордера (группа 12)",
                    "priority": 3,
                    "volume": 18.86,
                    "orders_count": 1,
                    "orders": [
                      {
                        "id": 2440,
                        "trader_id": 333,
                        "price": 65050.47,
                        "size": 18.86,
                        "side": "BUY"
                      }
                    ]
                  }
                ],
                "hash": "519413c0fa8829161606fbb8360cab5144fb2d728caa9d724bd5eda0fc36676b"
              },
              {
                "price": 65050.13,
                "total_volume": 17.34,
                "slots": [
                  {
                    "slot_index": 5,
                    "slot_name": "RETAIL_5",
                    "description": "Retail ордера (группа 5)",
                    "priority": 3,
                    "volume": 17.34,
                    "orders_count": 1,
                    "orders": [
                      {
                        "id": 3000,
                        "trader_id": 686,
                        "price": 65050.13,
                        "size": 17.34,
                        "side": "BUY"
                      }
                    ]
                  }
                ],
                "hash": "12467313985ed2b3c53bbed6a2583096941cf64a18485fa9587c546b1755a6e1"
              },
              {
                "price": 65050.03,
                "total_volume": 33.71,
                "slots": [
                  {
                    "slot_index": 14,
                    "slot_name": "RETAIL_14",
                    "description": "Retail ордера (группа 14)",
                    "priority": 3,
                    "volume": 33.71,
                    "orders_count": 1,
                    "orders": [
                      {
                        "id": 2862,
                        "trader_id": 467,
                        "price": 65050.03,
                        "size": 33.71,
                        "side": "BUY"
                      }
                    ]
                  }
                ],
                "hash": "e49b1d61004e6594b0c5ec1db3b52ed1b1ea67ff3bba8da5b0f6502b9ce09ba5"
              },
              {
                "price": 65049.8,
                "total_volume": 38.52,
                "slots": [
                  {
                    "slot_index": 11,
                    "slot_name": "RETAIL_11",
                    "description": "Retail ордера (группа 11)",
                    "priority": 3,
                    "volume": 38.52,
                    "orders_count": 1,
                    "orders": [
                      {
                        "id": 3410,
                        "trader_id": 524,
                        "price": 65049.8,
                        "size": 38.52,
                        "side": "BUY"
                      }
                    ]
                  }
                ],
                "hash": "7fcea4360f6165aa73baf72f9d44a56873c3da24be2ae05153e2da283b49b97f"
              },
              {
                "price": 65049.36,
                "total_volume": 40.63,
                "slots": [
                  {
                    "slot_index": 14,
                    "slot_name": "RETAIL_14",
                    "description": "Retail ордера (группа 14)",
                    "priority": 3,
                    "volume": 40.63,
                    "orders_count": 1,
                    "orders": [
                      {
                        "id": 2532,
                        "trader_id": 455,
                        "price": 65049.36,
                        "size": 40.63,
                        "side": "BUY"
                      }
                    ]
                  }
                ],
                "hash": "e85e4f92b817e098ae4872f03f556c063912d4fe65a13e805ee26c355179a668"
              },
              {
                "price": 65049.31,
                "total_volume": 25.43,
                "slots": [
                  {
                    "slot_index": 12,
                    "slot_name": "RETAIL_12",
                    "description": "Retail ордера (группа 12)",
                    "priority": 3,
                    "volume": 25.43,
                    "orders_count": 1,
                    "orders": [
                      {
                        "id": 250,
                        "trader_id": 453,
                        "price": 65049.31,
                        "size": 25.43,
                        "side": "BUY"
                      }
                    ]
                  }
                ],
                "hash": "41b232c7b840cf0ad5193acb8f85f7e3d083cd91dcdac0943024668ae5070323"
              },
              {
                "price": 65048.62,
                "total_volume": 19.32,
                "slots": [
                  {
                    "slot_index": 4,
